@book{ibrahim2005,
author = {Ibrahim, Joseph G. and Chen, Ming-Hui and Sinha, Debajyoti},
year = {2005},
publisher = {Springer New York, NY},
title = {Bayesian Survival Analysis},
isbn = {978-0-387-95277-2},
doi = {10.1002/0470011815.b2a11006}
}
